@misc{wootters,
  Author = {Wootters, Mary},
  Institution = {Stanford University},
  Howpublished = {University Lecture},
  Year = {2020},
  Title = {Compressed Sensing and the Restricted Isometry Property},
}

@misc{hdbscan_tutorial,
  title = {How HDBSCAN Works},
  author = {McInnes, Leland and Healy, John and Astels, Steve},
  year = 2016,
  howpublished = {https://hdbscan.readthedocs.io/en/latest/how\_hdbscan\_works.html},
  urldate = {2023-11-15}
}

@misc{blevins_presentation,
  author = {Blevins, Deborah},
  title = {The Unreasonable Stability of HDBSCAN},
  year = {2017},
  howpublished = {Presentation},
}

@article{hdbscan_paper,
  author = {Campello, Ricardo and Moulavi, Davoud and Zimek, Arthur},
  journal = {ACM Transactions on Knowledge Discovery from Data},
  number = {5},
  title = {Hierarchical Density Estimates for Data Clustering, Visualization, and Outlier Detection},
  volume = {10},
  year = {2015}
}

@article{Unwin2021TheID,
  title={The iris data set: In search of the source of virginica},
  author={Antony Unwin and Kim Kleinman},
  journal={Significance},
  year={2021},
  volume={18},
  url={https://api.semanticscholar.org/CorpusID:244763032}
}

@misc{mnist,
  title={MNIST in CSV},
  author={Dato-On, Dariel},
  howpublished={https://www.kaggle.com/datasets/oddrationale/mnist-in-csv},
  year={2018},
}

@misc{kissing_numbers,
  title={Kissing Numbers},
  howpublished={https://cohn.mit.edu/kissing-numbers},
  author={Cohn, Henry},
  year={2023},
}

@misc{turkish_music,
  title = {Turkish Music Emotion},
  howpublished = {\\https://www.kaggle.com/datasets/joebeachcapital/turkish-music-emotion},
  author = {Arvidsson, Joakim},
  year         = {2023},
}